@inproceedings{Schuster:2011:CPM:2068736.2068741,
 author = {Schuster, Christopher and Appeltauer, Malte and Hirschfeld, Robert},
 title = {Context-oriented Programming for Mobile Devices: JCop on Android},
 booktitle = {Proceedings of the 3rd International Workshop on Context-Oriented Programming},
 series = {COP '11},
 year = {2011},
 isbn = {978-1-4503-0891-5},
 location = {Lancaster, United Kingdom},
 pages = {5:1--5:5},
 articleno = {5},
 numpages = {5},
 url = {http://doi.acm.org/10.1145/2068736.2068741},
 doi = {10.1145/2068736.2068741},
 acmid = {2068741},
 publisher = {ACM},
 address = {New York, NY, USA},
 keywords = {context-oriented programming, dynamic adaption, mobile applications},
} 

@inproceedings{appeltauer2012declarative,
  title={Declarative layer composition in framework-based environments},
  author={Appeltauer, Malte and Hirschfeld, Robert},
  booktitle={Proceedings of the International Workshop on Context-Oriented Programming},
  pages={1},
  year={2012},
  organization={ACM}
}

@article{Lincke:2011:OIC:1998661.1998804,
 author = {Lincke, Jens and Appeltauer, Malte and Steinert, Bastian and Hirschfeld, Robert},
 title = {An Open Implementation for Context-oriented Layer Composition in ContextJS},
 journal = {Sci. Comput. Program.},
 issue_date = {December, 2011},
 volume = {76},
 number = {12},
 month = dec,
 year = {2011},
 issn = {0167-6423},
 pages = {1194--1209},
 numpages = {16},
 url = {http://dx.doi.org/10.1016/j.scico.2010.11.013},
 doi = {10.1016/j.scico.2010.11.013},
 acmid = {1998804},
 publisher = {Elsevier North-Holland, Inc.},
 address = {Amsterdam, The Netherlands, The Netherlands},
 keywords = {Context-oriented programming, ContextJS, Dynamic adaptation, Open implementations, Scope},
} 

@techreport{Taivalsaari:2008:WBA:1698208,
 author = {Taivalsaari, Antero and Mikkonen, Tommi and Ingalls, Dan and Palacz, Krzysztof},
 title = {Web Browser As an Application Platform: The Lively Kernel Experience},
 year = {2008},
 source = {SMLI TR-2008-175},
 publisher = {Sun Microsystems, Inc.},
 address = {Mountain View, CA, USA},
}

@article{10.1109/C5.2012.20,
author = {Robert Krahn and Jens Lincke and Robert Hirschfeld},
title = {Efficient Layer Activation in Context JS},
journal ={Creating, Connecting and Collaborating through Computing, International Conference on},
volume = {0},
isbn = {978-0-7695-4672-8},
year = {2012},
pages = {76-83},
doi = {http://doi.ieeecomputersociety.org/10.1109/C5.2012.20},
publisher = {IEEE Computer Society},
address = {Los Alamitos, CA, USA},
}

@article{Kiczales:2001:AP:503271.503260,
 author = {Kiczales, Gregor and Hilsdale, Erik},
 title = {Aspect-oriented Programming},
 journal = {SIGSOFT Softw. Eng. Notes},
 issue_date = {Sept. 2001},
 volume = {26},
 number = {5},
 month = sep,
 year = {2001},
 issn = {0163-5948},
 pages = {313--},
 url = {http://doi.acm.org/10.1145/503271.503260},
 doi = {10.1145/503271.503260},
 acmid = {503260},
 publisher = {ACM},
 address = {New York, NY, USA},
 keywords = {AspectC, AspectJ, aspect-oriented software design, aspects, concerns, cross cutting, modularity},
} 

@inproceedings{apel2006structure,
  title={On the structure of crosscutting concerns: Using aspects or collaborations},
  author={Apel, Sven and Batory, Don and Rosenm{\"u}ller, Marko},
  booktitle={GPCE Workshop on Aspect-Oriented Product Line Engineering (AOPLE)},
  year={2006},
  organization={Citeseer}
} 

@inproceedings{Appeltauer:2009:CCP:1562112.1562118,
 author = {Appeltauer, Malte and Hirschfeld, Robert and Haupt, Michael and Lincke, Jens and Perscheid, Michael},
 title = {A Comparison of Context-oriented Programming Languages},
 booktitle = {International Workshop on Context-Oriented Programming},
 series = {COP '09},
 year = {2009},
 isbn = {978-1-60558-538-3},
 location = {Genova, Italy},
 pages = {6:1--6:6},
 articleno = {6},
 numpages = {6},
 url = {http://doi.acm.org/10.1145/1562112.1562118},
 doi = {10.1145/1562112.1562118},
 acmid = {1562118},
 publisher = {ACM},
 address = {New York, NY, USA},
 keywords = {context-oriented programming, language comparison},
} 


